

@book{b0,
	author="Будько М.Б., Будько М.Ю., Гирик А.В.",
	title="Использование межсетевого экрана Netfilter для обеспечения сетевой безопасности в ОС Linux: Учебное пособие.",
	publisher="СПб: Университет ИТМО",
	year=2020,
	pages = {56},
}

@book{b1,
	author="Ф. О. Мохаммед, . БГУ, Минск",
	title="Межсетевые экраны",
	publisher="БГУ, Минск",
	year=2009,
}


@misc{osi,
	title="Уровни модели OSI. [Электронный ресурс]",
	howpublished="Режим доступа: \url{https://www.securitylab.ru/analytics/533599.php?clear_cache=Y} (дата обращения: 12.10.2022)"
}

@misc{ryaz,
	title="Рязанова Н. Ю., Курс лекций по дисциплине <<Операционные системы>> [Текст]",
}

@misc{b5,
	title="Документация NAPI. [Электронный ресурс]",
	howpublished="Режим доступа: \url{https://wiki.linuxfoundation.org/networking/napi} (дата обращения: 12.10.2022)"
}


@misc{code,
	title="Исходный код ядра Linux. [Электронный ресурс]",
	howpublished="Режим доступа: \url{https://github.com/torvalds/linux/blob/master/include/linux/} (дата обращения: 12.10.2022)"
}

@misc{netfilter,
	title="The netfilter.org project. [Электронный ресурс]",
	howpublished="Режим доступа: \url{https://www.netfilter.org/} (дата обращения: 12.10.2022)"
}

@misc{b7,
	title="В. Мешков, Netfilter, журнал «Системный администратор». [Электронный ресурс]",
	howpublished="Режим доступа: \url{http://samag.ru/archive/article/169} (дата обращения: 12.10.2022)"
}

@misc{spoof,
	title="Что такое спуфинг и как предотвратить спуфинг-атаку. [Электронный ресурс]",
	howpublished="Режим доступа: \url{https://www.cloudav.ru/mediacenter/tips/what-is-spoofing/} (дата обращения: 13.10.2022)"
}

@misc{blockspoof,
	title="Создание и тестирование Firewall в Linux. [Электронный ресурс]",
	howpublished="Режим доступа: \url{https://habr.com/ru/post/316756/} (дата обращения: 13.10.2022)"
}


@misc{ci,
	title="Linux (ядро). [Электронный ресурс]",
	howpublished="Режим доступа: \url{https://ru.bmstu.wiki/Linux_(ядро)} (дата обращения: 13.10.2022)"
}

@misc{qt,
	title="Qt Creator -- A Cross-platform IDE for software development. [Электронный ресурс]",
	howpublished="Режим доступа: \url{https://www.qt.io/product/development-tools} (дата обращения: 13.10.2022)"
}

@misc{dns,
	title="DNS и доменные имена. [Электронный ресурс]",
	howpublished="Режим доступа: \url{https://intuit.ru/studies/courses/116/116/lecture/3361?page=5} (дата обращения: 13.10.2022)"
}





@article{smth,
	author = {Speas, Margaret},
	year = {2003},
	month = {01},
	pages = {628-631},
	title = {Syntax: A Generative Introduction (review)},
	volume = {79},
	journal = {Language},
	doi = {10.1353/lan.2003.0187}
}

@book{
	rus,
	author="Розенталь Дитмар Эльяшевич",
	title="Справочник по правописанию и литературной правке",
	publisher="М.: Айрис-пресс",
	year=2020,
	pages=368 
}


@misc{pyth,
	title="The official home of the Python Programming Language [Электронный ресурс]",
	howpublished="Режим доступа: \url{https://www.python.org/} (дата обращения: 10.07.2022)"
}


@misc{natasha_cite,
	title="Проект Natasha — набор Python-библиотек для обработки текстов на естественном русском языке [Электронный ресурс]",
	howpublished="Режим доступа: \url{https://natasha.github.io/} (дата обращения: 12.07.2022)"
}

@misc{stanza_cite,
	title="Stanza – A Python NLP Package for Many Human Languages [Электронный ресурс]",
	howpublished="Режим доступа: \url{https://stanfordnlp.github.io/stanza/} (дата обращения: 12.07.2022)"
}

@misc{pavlov_cite,
	title="DeepPavlov: an open source conversational AI framework [Электронный ресурс]",
	howpublished="Режим доступа: \url{https://deeppavlov.ai/} (дата обращения: 12.07.2022)"
}

@misc{ud,
	title="Universal Dependencies [Электронный ресурс]",
	howpublished="Режим доступа: \url{https://universaldependencies.org/} (дата обращения: 12.07.2022)"
}

@misc{PyCharm,
	title="PyCharm: the Python IDE for Professional Developers [Электронный ресурс]",
	howpublished="Режим доступа: \url{https://www.jetbrains.com/pycharm/} (дата обращения: 18.07.2022)"
}